@article{Gagliardi2024NovelAO,
  title={Novel Applications of State-of-the-Art Gamma-Ray Imaging Technique: From Nuclear Decommissioning and Radioprotection to Radiological Characterization and Safeguards},
  author={Filippo Gagliardi and Luigi Lepore and Luigi Meschini and Alessandro Ciotoli and Nadia Cherubini and Luca Falconi and Davide Formenton and Giada Gandolfo and Edoardo Gorello and Giuseppe A. Marzo and Egidio Mauro and Marco Pagliuca and Andrea Roberti},
  journal={IEEE Transactions on Nuclear Science},
  year={2024},
  volume={71},
  pages={1154-1167},
  url={https://api.semanticscholar.org/CorpusID:268286080}
}
